@misc{lideres-vendas-brasil,
  author = {Danilo Hernandes},
  title = {Relembre todos os carros que já lideraram as vendas no Brasil em 60 anos de hitória},
  year = 2017,
  url = {https://www.flatout.com.br/relembre-todos-os-carros-que-ja-lideraram-as-vendas-no-brasil-em-60-anos-de-historia/},
  urldate = {2017-07-09}
}

@misc{cnwgol1993,
  author = {CNW},
  title = {{Volkswagen Gol Plus 1.0} Ficha Técnica},
  year = 2017,
  url = {http://www.carrosnaweb.com.br/fichadetalhe.asp?codigo=431},
  urldate = {2017-07-09}
}

@misc{cnwgol2013,
  author = {CNW},
  title = {{Volkswagen Gol 1.0} Ficha Técnica},
  year = 2017,
  url = {http://www.carrosnaweb.com.br/fichadetalhe.asp?codigo=1528},
  urldate = {2017-07-09}
}

@misc{sae,
author = {SAE},
title = {SAE},
month = jun,
year = {2016},
url = {http://www.sae.org/}
}

@article{gardinalli2005comparaccao,
  title={Compara{\c{c}}{\~a}o do desempenho de frenagem simulada x experimental de um ve{\'\i}culo de passeio com freios hidr{\'a}ulicos e ABS},
  author={Gardinalli, Geraldo J},
  journal={Trabalho de Conclus{\~a}o de Curso apresentado {\`a} Escola Polit{\'e}cnica da Universidade de S{\~a}o Paulo para obten{\c{c}}{\~a}o do t{\'\i}tulo de Mestre em Engenharia Automotiva},
  year={2005}
}

@book{halderman2016automotive,
  title={Automotive brake systems},
  author={Halderman, James D and Mitchell, Chase D},
  year={2016},
  publisher={Prentice Hall}
}

@article{kawaguchi,
	Author = {Hiroaki Kawaguchi},
	Title = {Comparação da Análise de Conforto de Frenagem Subjetiva x Objetiva de um Veículo de Passeio},
	Year = {2005},
	Address = {São Paulo, Brazil},
	Pages = {101},
}

@manual{inmetro2013,
	Author = {INMETRO},
	Title = {Regulamento Técnico da Qualidade para Materiais de Atrito Destinados ao Uso em Freios de Veículos Roviários Automotores},
	Year = {2013},
	Address = {Rio de Janeiro, Brasil},
	Pages = {25},
}

%%images and tables
@misc{working-of-disk-breaks,
  author = {Unknown},
  title = {Working Of Disk Breaks},
  year = 2017,
  url = {http://www.mechanicalengineeringblog.com/wp-content/uploads/2015/07/01-WORKING-OF-A-DISK-BRAKE-MECHANICAL-BRAKE-AND-ITS-CONSTRUCTION-AND-WORKING_thumb.jpg},
  urldate = {2017-07-09}
}
